<?xml version="1.0" encoding="UTF-8"?><collection xmlns="http://www.loc.gov/MARC21/slim"><record><leader>00594nam--2200193-i-4500</leader><controlfield tag="001">000039010</controlfield><controlfield tag="002">20161230</controlfield><controlfield tag="005">20161230201042</controlfield><controlfield tag="008">060222s1000------------r-----000-0-eng-d</controlfield><datafield ind1=" " ind2=" " tag="040"><subfield code="a">IFIN-HH</subfield></datafield><datafield ind1=" " ind2=" " tag="080"><subfield code="a">533.9</subfield></datafield><datafield ind1="1" ind2=" " tag="100"><subfield code="a">Leontovich, M.A</subfield></datafield><datafield ind1="1" ind2="0" tag="245"><subfield code="a">Reviews of plasma physics</subfield><subfield code="b">Authorised translation from Russian by Herbert Lashinsky</subfield><subfield code="c">M.A. Leontovich (Ed.)</subfield></datafield><datafield ind1=" " ind2=" " tag="260"><subfield code="a">New York</subfield><subfield code="b">Consultants Bureau</subfield></datafield><datafield ind1=" " ind2=" " tag="300"><subfield code="a">6 volume</subfield></datafield><datafield ind1=" " ind2=" " tag="500"><subfield code="a">Titlul originial in lb. engleza: Voprosy teorii plazmy</subfield></datafield><datafield ind1="0" ind2=" " tag="787"><subfield code="a">Vol. 8</subfield><subfield code="d">1980</subfield><subfield code="h">460 p</subfield></datafield><datafield ind1=" " ind2=" " tag="852"><subfield code="a">77263</subfield><subfield code="c">533.9</subfield></datafield><datafield ind1=" " ind2=" " tag="CAT"><subfield code="a">Sys</subfield><subfield code="c">20101003</subfield><subfield code="h">145335</subfield></datafield></record></collection>